<record><leader>00000cas a22000007a 4500</leader><controlfield tag="001">15807445</controlfield><controlfield tag="008">870604d18971960iauwr ne      0    0eng d</controlfield><datafield ind1=" " ind2=" " tag="010"><subfield code="a">sn 87058272 </subfield></datafield><datafield ind1=" " ind2=" " tag="040"><subfield code="a">INP</subfield><subfield code="b">eng</subfield><subfield code="c">INP</subfield><subfield code="d">OCLCQ</subfield></datafield><datafield ind1=" " ind2=" " tag="042"><subfield code="a">msc</subfield></datafield><datafield ind1="0" ind2=" " tag="130"><subfield code="a">Keokuk County news (Sigourney, Iowa : 1897)</subfield></datafield><datafield ind1="1" ind2="4" tag="245"><subfield code="a">The Keokuk County news.</subfield></datafield><datafield ind1=" " ind2=" " tag="260"><subfield code="a">Sigourney, Iowa :</subfield><subfield code="b">William H. Needham,</subfield><subfield code="c">1897-1960.</subfield></datafield><datafield ind1=" " ind2=" " tag="300"><subfield code="a">v.</subfield></datafield><datafield ind1=" " ind2=" " tag="310"><subfield code="a">Weekly</subfield></datafield><datafield ind1="0" ind2=" " tag="362"><subfield code="a">Nov. 18, 1897-100th year, no. 43 (Oct. 27, 1960).</subfield></datafield><datafield ind1=" " ind2=" " tag="500"><subfield code="a">Publisher varies.</subfield></datafield><datafield ind1=" " ind2=" " tag="752"><subfield code="a">United States</subfield><subfield code="b">Iowa</subfield><subfield code="c">Keokuk</subfield><subfield code="d">Sigourney.</subfield></datafield><datafield ind1="0" ind2="0" tag="780"><subfield code="t">News (Sigourney, Iowa : 1880)</subfield><subfield code="w">(DLC)sn 87058271</subfield></datafield><datafield ind1="0" ind2="7" tag="785"><subfield code="t">Sigourney review</subfield><subfield code="w">(DLC)sn 84038428</subfield></datafield><datafield ind1="0" ind2="7" tag="785"><subfield code="t">Sigourney news-review</subfield><subfield code="w">(DLC)sn 87058273</subfield></datafield></record>